@manual{companionwebsite,
author = "{{BUQEYE collaboration}}",
	year-="2020",
  note          = {\url{https://buqeye.github.io/software/}},
  url           = {\mbox{https://buqeye.github.io/software/}}
}

@book{Suzuki:1998bn,
    author = "Suzuki, Y. and Varga, K.",
	doi = {10.1007/3-540-49541-x},
	year = 1998,
	publisher = {Springer Berlin Heidelberg},
	title = {Stochastic Variational Approach to Quantum-Mechanical Few-Body Problems}
}

@article{Bonilla:2022,
    author = "Edgard Bonilla and Pablo Giuliani and Kyle Godbey and Dean Lee",
    title = "{Training and Projecting: A Reduced Basis Method Emulator for Many-Body Physics}",
    eprint = "2203.05284",
    archivePrefix = "arXiv",
    primaryClass = "nucl-th"
}

@article{Francis:2022zib,
    author = {Francis, Akhil and Agrawal, Anjali A. and Howard, Jack H. and K\"okc\"u, Efekan and Kemper, A. F.},
    title = "{Subspace Diagonalization on Quantum Computers using Eigenvector Continuation}",
    eprint = "2209.10571",
    archivePrefix = "arXiv",
    primaryClass = "quant-ph",
    month = "9",
    year = "2022"
}

@article{Bai:2022hjg,
    author = "Bai, Dong",
    title = "{New extensions of eigenvector continuation R-matrix theory based on analyticity in momentum and angular momentum}",
    doi = "10.1103/PhysRevC.106.024611",
    journal = "Phys. Rev. C",
    volume = "106",
    number = "2",
    pages = "024611",
    year = "2022"
}


@article{Demol:2020mzd,
    author = "Demol, P. and Frosini, M. and Tichai, A. and Som\`a, V. and Duguet, T.",
    title = "{Bogoliubov many-body perturbation theory under constraint}",
    eprint = "2002.02724",
    archivePrefix = "arXiv",
    primaryClass = "nucl-th",
    doi = "10.1016/j.aop.2020.168358",
    journal = "Annals Phys.",
    volume = "424",
    pages = "168358",
    year = "2021"
}


@article{Svensson:2021lzs,
    author = {Svensson, Isak and Ekstr\"om, Andreas and Forss\'en, Christian},
    title = "{Bayesian parameter estimation in chiral effective field theory using the Hamiltonian Monte Carlo method}",
    eprint = "2110.04011",
    archivePrefix = "arXiv",
    primaryClass = "nucl-th",
    doi = "10.1103/PhysRevC.105.014004",
    journal = "Phys. Rev. C",
    volume = "105",
    number = "1",
    pages = "014004",
    year = "2022"
}

@article{Alnamlah:2022eae,
    author = "Alnamlah, I. K. and P\'erez, E. A. Coello and Phillips, D. R.",
    title = "{Analyzing rotational bands in odd-mass nuclei using Effective Field Theory and Bayesian methods}",
    eprint = "2203.01972",
    archivePrefix = "arXiv",
    primaryClass = "nucl-th",
    month = "3",
    year = "2022"
}

@article{Odell:2021tqd,
    author = "Odell, Daniel and Brune, Carl R. and Phillips, Daniel R.",
    title = "{How Bayesian methods can improve R-matrix analyses of data: The example of the dt reaction}",
    eprint = "2105.06541",
    archivePrefix = "arXiv",
    primaryClass = "nucl-th",
    doi = "10.1103/PhysRevC.105.014625",
    journal = "Phys. Rev. C",
    volume = "105",
    number = "1",
    pages = "014625",
    year = "2022"
}

@article{Vassh:2022nij,
    author = "Vassh, Nicole and McLaughlin, Gail C. and Mumpower, Matthew R. and Surman, Rebecca",
    title = "{The need for a local nuclear physics feature in the neutron-rich rare-earths to explain solar $r$-process abundances}",
    eprint = "2202.09437",
    archivePrefix = "arXiv",
    primaryClass = "nucl-th",
    month = "2",
    year = "2022"
}

@article{Djarv:2021pjc,
    author = {Dj\"arv, T. and Ekstr\"om, A. and Forss\'en, C. and Johansson, H. T.},
    title = "{Bayesian predictions for A=6 nuclei using eigenvector continuation emulators}",
    eprint = "2108.13313",
    archivePrefix = "arXiv",
    primaryClass = "nucl-th",
    doi = "10.1103/PhysRevC.105.014005",
    journal = "Phys. Rev. C",
    volume = "105",
    number = "1",
    pages = "014005",
    year = "2022"
}

@article{Neufcourt:2019qvd,
    author = "Neufcourt, L\'eo and Cao, Yuchen and Nazarewicz, Witold and Olsen, Erik and Viens, Frederi",
    title = "{Neutron drip line in the Ca region from Bayesian model averaging}",
    eprint = "1901.07632",
    archivePrefix = "arXiv",
    primaryClass = "nucl-th",
    doi = "10.1103/PhysRevLett.122.062502",
    journal = "Phys. Rev. Lett.",
    volume = "122",
    number = "6",
    pages = "062502",
    year = "2019"
}


@article{Mumpower:2015ova,
    author = "Mumpower, M. R. and Surman, R. and McLaughlin, G. C. and Aprahamian, A.",
    title = "{The impact of individual nuclear properties on $r$-process nucleosynthesis}",
    eprint = "1508.07352",
    archivePrefix = "arXiv",
    primaryClass = "nucl-th",
    doi = "10.1016/j.ppnp.2015.09.001",
    journal = "Prog. Part. Nucl. Phys.",
    volume = "86",
    pages = "86--126",
    year = "2016",
    note = "[Erratum: Prog.Part.Nucl.Phys. 87, 116--116 (2016)]"
}


@article{Farr:2021fyc,
    author = "Farr, Jesse N. and Meisel, Zach and Steiner, Andrew W.",
    title = "{Decision Theory for the Mass Measurements at the Facility for Rare Isotope Beams}",
    eprint = "2111.11536",
    archivePrefix = "arXiv",
    primaryClass = "nucl-th",
    month = "11",
    year = "2021"
}

@article{Catacora-Rios:2020xgx,
    author = "Catacora-Rios, M. and King, G. B. and Lovell, A. E. and Nunes, F. M.",
    title = "{Statistical tools for a better optical model}",
    eprint = "2012.06653",
    archivePrefix = "arXiv",
    primaryClass = "nucl-th",
    doi = "10.1103/PhysRevC.104.064611",
    journal = "Phys. Rev. C",
    volume = "104",
    number = "6",
    pages = "064611",
    year = "2021"
}

@article{King:2019sax,
    author = "King, G. B. and Lovell, A. E. and Neufcourt, L. and Nunes, F. M.",
    title = "{Direct comparison between Bayesian and frequentist uncertainty quantification for nuclear reactions}",
    eprint = "1905.05072",
    archivePrefix = "arXiv",
    primaryClass = "nucl-th",
    doi = "10.1103/PhysRevLett.122.232502",
    journal = "Phys. Rev. Lett.",
    volume = "122",
    number = "23",
    pages = "232502",
    year = "2019"
}

@article{ghattas_willcox_2021, 
title={Learning physics-based models from data: perspectives from inverse problems and model reduction}, 
volume={30}, 
DOI={10.1017/S0962492921000064}, 
journal={Acta Numerica}, 
publisher={Cambridge University Press}, 
author={Ghattas, Omar and Willcox, Karen}, 
year={2021}, 
pages={445â€“554}
}

@misc{ResearchTopicUQ,
    author = "{Frontiers in Physics}",
    title = "Research Topic: Uncertainty Quantification in Nuclear Physics",
    year = "2022",
    url = "https://www.frontiersin.org/research-topics/28271/uncertainty-quantification-in-nuclear-physics",
    note = "[Online; accessed November~2, 2022]"
  }

@Article{article,
	author = "Author1 LastName1 and Author2 LastName2 and Author3 LastName3",
	title = "Article Title",
	volume = "30",
	number = "30",
	pages = "10127-10134",
	year = "2013",
	doi = "10.3389/fnins.2013.12345",
	URL = "http://www.frontiersin.org/Journal/10.3389/fnins.2013.12345/abstract",
	journal = "Frontiers in Neuroscience"
}

@book{book,
  author    = {Author Name}, 
  title     = {The title of the work},
  publisher = {The name of the publisher},
  address   = {The city},
  year      = 1993,
}

@incollection{chapter,
  author       = {Bauthor Surname}, 
  title        = {The title of the work},
  editor       = {Editor Name},
  booktitle    = {The title of the book},
  publisher    = {The name of the publisher},
  address      = {The city},
  year         = 2002,
  pages        = {201-213},
}

@InProceedings{conference,
  author = {Cauthor Name and Dauthor Surname and Fauthor LastName},
  title = {The title of the work},
  booktitle = {The title of the conference proceedings},
  year = 1996,
  publisher = {The name of the publisher},
  editor = {Editor Name1 and Editor Name2},
  pages = {41-50},
}

@book{cho,
  author       = {Gauthor Name1}, 
  title        = {The title of the work},
  publisher = {Country code and patent number},
  address      = {Patent Country},
  year = 2013
}

@book{patent,
  author    = {Hauthor Surname1}, 
  title     = {The title of the work},
  publisher = {Patent number},
  address   = {Patent country},
  year      = 2010,
}

% please use misc for datasets
@misc{dataset, 
	author = "Author1 LastName1 and Author2 LastName2 and Author3 LastName3",
	title = "Data Title",
	year = "2011",
	doi = "10.000/55555",
	URL = "http://www.frontiersin.org/",
}